@BOOK{Alexander,
  AUTHOR =       "Christopher Alexander",
  TITLE =        "Notes on the Synthesis of Form (with 1971 preface)",
  YEAR =         "1964",
  publisher =    "Harvard University Press",
  address = "Cambridge, MA",
  file = F
}
@BOOK{Maier,
  AUTHOR =       "Mark W. Maier and Eberhardt Rechtin",
  TITLE =        "The Art of System Architecting, 2nd Ed.",
  YEAR =         "2002",
  publisher =    "CRC Press LLC",
  address = "Boca Raton, FL",
  file = F
}
@BOOK{Rozanski,
  AUTHOR =       "Nick Rozanski and Eoin Woods",
  TITLE =        "Software Systems Architecture",
  YEAR =         "2005",
  publisher =    "Addison-Wesley",
  address = "Upper Saddle River, NJ",
  file = F
}
@BOOK{Shaw1,
  AUTHOR =       "Mary Shaw and David Garlan",
  TITLE =        "Software Architecture - Perspectives on an emerging discipline",
  YEAR =         "1996",
  publisher =    "Addison-Wesley",
  address = "Upper Saddle River, NJ",
  file = F
}
@ARTICLE{Gokhale,
  AUTHOR =       "K. Balasubramanian and J. Balasubramanian and J. Parsons and A. Gokhale and D. C. Schmidt",
  TITLE =        "A platform independent component modeling language for distributed real-time and embedded systems",
  journal = "J. Comput. Syst. Sci.",
  volume = "73",
  number = "2",
  pages = "171-185",
  YEAR =         "2007",
  file = F
}
@ARTICLE{Shaw,
  AUTHOR =       "Mary Shaw and Paul Clements",
  TITLE =        "The Golden Age of Software Architecture",
  journal = "Software",
  volume = "March/April",
  pages = "31-39",
  YEAR =         "2006",
  publisher =    "IEEE",
  file = F
}
@ARTICLE{Crocopat2,
  AUTHOR =       "Dirk Beyer and Andreas Noack and Claus Lewerenz",
  TITLE =        "Efficient Relational Calculation for Software Analysis",
  journal = "Transactions on Software Engineering",
  volume = "31",
  number = "2",
  pages = "137-149",

  YEAR =         "2005",
  publisher =    "IEEE",
  file = F
}
@INPROCEEDINGS{Crocopat,
  AUTHOR =       "Dirk Beyer",
  TITLE =        "Relational Programming with {C}roco{P}at",
  BOOKTITLE =    "ICSE",
  YEAR =         "2006",
  publisher =    "IEEE",
  file = F
}
@ARTICLE{Kruchten,
  AUTHOR =       "Philippe Kruchten",
  TITLE =        "Architectural {B}lueprints - The 4+1 view Model of Software Architecture",
  journal = "IEEE Software",
  volume = "12",
  number = "6",
  pages = "42-50",
  YEAR =         "1995",
   publisher =    "IEEE",
 file = F
}
@INPROCEEDINGS{Chang,
  AUTHOR =       "Kuang-Nan Chang",
  TITLE =        "Consistency Checks on {UML} Diagrams",
  BOOKTITLE =    "International Conference on Software Engineering Research and Practice, SERP07",
  YEAR =         "2007",
  publisher =    "IEEE",
  file = F
}
@INPROCEEDINGS{Chang2,
  AUTHOR =       "Kuang-Nan Chang",
  TITLE =        "Model Checking Consistency between Sequence and State Diagrams",
  BOOKTITLE =    "International Conference on Software Engineering Research and Practice, SERP08",
  YEAR =         "2008",
  publisher =    "IEEE",
  file = F
}
@BOOK{Date,
  AUTHOR =       "Chris Date",
  TITLE =        "Database in  Depth - Relational Theory for Practitioners",
  PUBLISHER =    "O'Reilly Media Inc.",
  YEAR =         "2006",
  address =      "Sebastopol, CA",
  file = F
}
@BOOK{Rushby,
  AUTHOR =       "John Rushby",
  TITLE =        "Modular Certification",
  PUBLISHER =    "SRI International",
  YEAR =         "2002",
  address =      "Menlo Park, CA",
  file = F
}
@INPROCEEDINGS{Dekel,
  AUTHOR =       "Uri Dekel and James D. Herbsleb",
  TITLE =        "Notation and representation in collaborative object-oriented design: an observational study",
  BOOKTITLE =    "SIGPLAN Notices, Volume 42 ,  Issue 10",
  YEAR =         "2007",
  publisher =    "ACM",
  file = F
}
@INPROCEEDINGS{Hadar,
  AUTHOR =       "Ethan Hadar and Irit Hadar",
  TITLE =        "Effective Preparation for Design Review - Using {UML} Arrow Checklist Leveraged on the Guru's Knowledge",
  BOOKTITLE =    "OOPSLA",
  YEAR =         "2007",
  publisher =    "ACM",
  file = F
}
@INPROCEEDINGS{Holt,
  AUTHOR =       "R. C. Holt",
  TITLE =        "Binary Relational Algebra applied to Software Architecture",
  BOOKTITLE =    "CSRI Technical Report 345",
  YEAR =         "1996",
  publisher =    "University of Toronto",
  file = F
}
@INPROCEEDINGS{Shen,
author = {Wuwei Shen and Kevin Compton and James Huggins},
title = {A toolset for supporting {UML} static and dynamic model checking},
booktitle = {In Proc. 16th IEEE International Conference on Automated Software Engineering (ASE},
year = {2001},
pages = {147--152},
publisher = {IEEE Computer Society}
}

@BOOK{Alloy,
  AUTHOR =       "Daniel Jackson",
  TITLE =        "Software Abstraction",
  PUBLISHER =    "MIT Press",
  YEAR =         "2006",
  address =      "Cambridge, MA",
  file = F
}
@INPROCEEDINGS{Koo,
  AUTHOR =       "Benjamin H.-Y. Koo and Willard L. Simmons  and Edward F. Crawley",
  TITLE =        "Algebra of Systems: An Executable Framework for Model Synthesis and
Evaluation", 
  BOOKTITLE =    "Proceedings of the 2007 International Conference on Systems Engineering and Modeling", 
  YEAR =         "2007",
  publisher =    "IEEE",
  file = F
}
@misc{LinQ,
  AUTHOR =       "Microsoft",
  TITLE =        "The {L}in{Q} Project",
  howpublished = "http://msdn.microsoft.com",
  YEAR =         "2008",
  file = F
}
@misc{UML,
  AUTHOR =       "OMG",
  TITLE =        "{U}nified {M}odeling {L}anguage, Superstructure",
  howpublished = "http://www.uml.org",
  YEAR =         "2007",
  file = F
}
@misc{SysML,
  AUTHOR =       "OMG",
  TITLE =        "{OMG} {S}ystems {M}odeling {L}anguage",
  howpublished = "http://www.uml.org",
  YEAR =         "2006",
  file = F
}
@misc{MDA,
  AUTHOR =       "OMG",
  TITLE =        "{MDA} Guide",
  howpublished = "http://www.uml.org",
  YEAR =         "2003",
  file = F
}
@INPROCEEDINGS{Henderson1,
  AUTHOR =       "Peter Henderson",
  TITLE =        "Laws for Dynamic Systems",   
  BOOKTITLE =    "International Conference on Software Re-Use (ICSR 98)",
  YEAR =         "1998",
  publisher =    "IEEE",
  file = F
}
@INPROCEEDINGS{Henderson2,
  AUTHOR =       "Peter Henderson and Jingtao Yang",
  TITLE =        "Reusable Web Services",   
  BOOKTITLE =    "8th International Conference on Software Reuse (ICSR 2004)",
  YEAR =         "2004",
  publisher =    "IEEE",
  file = F
}
@INPROCEEDINGS{Henderson3,
  AUTHOR =       "Peter Henderson and Nishadi de-Silva",
  TITLE =        "System Architecture induces Document Architecture",     BOOKTITLE =    "20th International Conference on Software Engineering and Knowledge Engineering (SEKE 2008)",
  YEAR =         "2008",
  publisher =    "IEEE",
  file = F
}
@INPROCEEDINGS{Henderson4,
  AUTHOR =       "Peter Henderson and Matthew J. Henderson",
  TITLE =        "Collaborative Development of System Architecture - A Tool for Coping with Inconsistency",   
  BOOKTITLE =    "21st International Conference on Software Engineering and Knowledge Engineering (SEKE 2009)",
  YEAR =         "2009",
  publisher =    "Knowledge Systems Institute, Skokie, IL",
  file = F
}
@INPROCEEDINGS{Sabetzadeh07consistencychecking,
author = {Mehrdad Sabetzadeh and Shiva Nejati and Sotirios Liaskos and Steve Easterbrook and Marsha Chechik},
title = {Consistency Checking of Conceptual Models via Model Merging},
booktitle = {In RE},
year = {2007},
pages = {221--230}
}

@INPROCEEDINGS{Nejati07matchingand,
author = {Shiva Nejati and Mehrdad Sabetzadeh and Marsha Chechik and Steve Easterbrook and Pamela Zave},
title = {Matching and merging of statecharts specifications},
booktitle = {In 29th International Conference on Software Engineering (ICSE’07)},
year = {2007},
pages = {54--64}
}

@INPROCEEDINGS{Sabetzadeh_globalconsistency,
author = {Mehrdad Sabetzadeh and Shiva Nejati and Steve Easterbrook and Marsha Chechik},
title = {Global Consistency Checking of Distributed Models with TReMer},
booktitle = {In 30th International Conference on Software Engineering (ICSE’08), 2008. Formal Research Demonstration (To Appear},
year = {}
}

@ARTICLE{Nuseibeh01makinginconsistency,
author = {Bashar Nuseibeh and Steve Easterbrook and Alessandra Russo},
title = {Making Inconsistency Respectable in Software Development},
journal = {Journal of Systems and Software},
year = {2001},
volume = {58},
pages = {171--180}
}

@article{1150731,
 author = {Sabetzadeh,, Mehrdad and Easterbrook,, Steve},
 title = {View merging in the presence of incompleteness and inconsistency},
 journal = {Requir. Eng.},
 volume = {11},
 number = {3},
 year = {2006},
 issn = {0947-3602},
 pages = {174--193},
 doi = {http://dx.doi.org/10.1007/s00766-006-0032-y},
 publisher = {Springer-Verlag New York, Inc.},
 address = {Secaucus, NJ, USA},
 }

@INPROCEEDINGS{Fickas05clinicalrequirements,
author = {Stephen Fickas},
title = {Clinical requirements engineering},
booktitle = {In ICSE ’05: Proceedings of the 27th International Conference on Software Engineering},
year = {2005},
pages = {28--34},
publisher = {ACM Press}
}

@INPROCEEDINGS{Haley05arguingsecurity,
author = {Charles B. Haley and Jonathan D. Moffett and Robin Laney and Bashar Nuseibeh},
title = {Arguing Security: Validating Security Requirements Using Structured Argumentation},
booktitle = {in Proceedings of the Third Symposium on Requirements Engineering for Information Security (SREIS'05), co-located with the 13th International Requirements Engineering Conference (RE'05},
year = {2005}
}

@inproceedings{Egyed1,
 author = {Alexander Egyed},
 title = {Instant consistency checking for the {UML}},
 booktitle = {ICSE '06: Proceedings of the 28th international conference on Software engineering},
 year = {2006},
 isbn = {1-59593-375-1},
 pages = {381--390},
 location = {Shanghai, China},
 doi = {http://doi.acm.org/10.1145/1134285.1134339},
 publisher = {ACM},
 address = {New York, NY, USA},
 }
@inproceedings{Egyed2,
 author = {Alexander Egyed},
 title = {{UML}/Analyzer: A Tool for the Instant Consistency Checking of {UML} Models},
 booktitle = {ICSE '07: Proceedings of the 29th international conference on Software engineering},
 year = {2007},
 publisher = {ACM},
 address = {New York, NY, USA},
 }

@inproceedings{Egyed3,
 author = {Alexander Egyed},
 title = {Fixing Inconsistencies in {UML} Design Models},
 booktitle = {ICSE '07: Proceedings of the 29th international conference on Software engineering},
 year = {2007},
 publisher = {ACM},
 address = {New York, NY, USA},
 }

@inproceedings{Balzer,
 author = {Bob Balzer},
 title = {Tolerating Inconsistency},
 booktitle = {ICSE '91: Proceedings of the 13th international conference on Software engineering},
 year = {1991},
 publisher = {ACM},
 address = {New York, NY, USA},
 }

